<record><leader>00000cas a22000007a 4500</leader><controlfield tag="001">14874044</controlfield><controlfield tag="008">861125d18881889wiumr ne      0    0eng d</controlfield><datafield ind1=" " ind2=" " tag="010"><subfield code="a">sn 86086807 </subfield></datafield><datafield ind1=" " ind2=" " tag="040"><subfield code="a">NPV</subfield><subfield code="b">eng</subfield><subfield code="c">NPV</subfield><subfield code="d">OCLCQ</subfield></datafield><datafield ind1=" " ind2=" " tag="042"><subfield code="a">msc</subfield></datafield><datafield ind1="0" ind2=" " tag="130"><subfield code="a">Real estate journal (Monroe, Wis.)</subfield></datafield><datafield ind1="1" ind2="0" tag="245"><subfield code="a">Real estate journal.</subfield></datafield><datafield ind1="1" ind2="3" tag="246"><subfield code="a">Green County real estate journal</subfield></datafield><datafield ind1="3" ind2="0" tag="246"><subfield code="a">Journal</subfield></datafield><datafield ind1=" " ind2=" " tag="260"><subfield code="a">Monroe, Wis. :</subfield><subfield code="b">Etter &amp; Woodle,</subfield><subfield code="c">1888-1889.</subfield></datafield><datafield ind1=" " ind2=" " tag="300"><subfield code="a">v.</subfield></datafield><datafield ind1=" " ind2=" " tag="310"><subfield code="a">Monthly</subfield></datafield><datafield ind1="0" ind2=" " tag="362"><subfield code="a">Vol. 1, no. 1 (Feb. 15, 1888)-v. 2, no. 6 (July 15, 1889).</subfield></datafield><datafield ind1=" " ind2=" " tag="752"><subfield code="a">United States</subfield><subfield code="b">Wisconsin</subfield><subfield code="c">Green</subfield><subfield code="d">Monroe.</subfield></datafield><datafield ind1="0" ind2="0" tag="785"><subfield code="t">Green County real estate journal</subfield><subfield code="w">(DLC)sn 86086808</subfield></datafield></record>